<collection xmlns="http://www.loc.gov/MARC21/slim"><record><leader>00791nam  2200241   450</leader><controlfield tag="001">495</controlfield><controlfield tag="003">http://montalegre.opacnet.com/OPAC/default.aspx?ContentAreaControl=ShowRegHoldings.ascx&amp;RegNo=16662</controlfield><controlfield tag="005">20</controlfield><datafield tag="021" ind1=" " ind2=" "><subfield code="a">PT</subfield><subfield code="b">17789/87</subfield></datafield><datafield tag="100" ind1=" " ind2=" "><subfield code="a">19880621d1988    em y0pora010305  ba</subfield></datafield><datafield tag="101" ind1="1" ind2=" "><subfield code="a">por</subfield><subfield code="c">ger</subfield></datafield><datafield tag="102" ind1=" " ind2=" "><subfield code="a">PT</subfield></datafield><datafield tag="200" ind1="1" ind2=" "><subfield code="a">&lt;A &gt;tarde de um escritor</subfield><subfield code="f">Peter Handke</subfield><subfield code="g">trad.: Maria Adélia Silva Melo</subfield></datafield><datafield tag="210" ind1=" " ind2=" "><subfield code="a">Lisboa</subfield><subfield code="c">Presença</subfield><subfield code="d">1988</subfield></datafield><datafield tag="215" ind1=" " ind2=" "><subfield code="a">88, [1] p.</subfield><subfield code="d">21 cm</subfield></datafield><datafield tag="225" ind1="2" ind2=" "><subfield code="a">Aura</subfield><subfield code="v">7</subfield></datafield><datafield tag="304" ind1=" " ind2=" "><subfield code="a">Tít. orig.: Nachmittag eines Schriftstellers</subfield></datafield><datafield tag="675" ind1=" " ind2=" "><subfield code="a">821</subfield></datafield><datafield tag="700" ind1=" " ind2="1"><subfield code="a">Handke</subfield><subfield code="b">Peter</subfield><subfield code="f">1942-</subfield></datafield><datafield tag="702" ind1=" " ind2="1"><subfield code="a">Melo</subfield><subfield code="b">Maria Adélia Silva</subfield><subfield code="4">730</subfield></datafield><datafield tag="801" ind1=" " ind2="0"><subfield code="a">PT</subfield><subfield code="b">Biblioteca Municipal de Montalegre</subfield><subfield code="g">RPC</subfield></datafield><datafield tag="856" ind1=" " ind2=" "><subfield code="u">locateMedia.asp?cod=20060517152406&amp;ext=jpg</subfield><subfield code="z">CAPA</subfield></datafield><datafield tag="909" ind1="&#9;" ind2=" "><subfield code="a">2</subfield></datafield><datafield tag="966" ind1=" " ind2=" "><subfield code="a">0008759</subfield><subfield code="l">BMM</subfield><subfield code="s">SCG 821 HAN tar 7</subfield></datafield><datafield tag="966" ind1=" " ind2=" "><subfield code="a">0008608</subfield><subfield code="l">BMM</subfield><subfield code="s">SCG 821 HAN tar 7</subfield></datafield></record></collection>